<?xml version="1.0" encoding="UTF-8"?><collection xmlns="http://www.loc.gov/MARC21/slim"><record><leader>00368nam--2200145-i-4500</leader><controlfield tag="001">000037371</controlfield><controlfield tag="002">20161230</controlfield><controlfield tag="005">20170118235933</controlfield><controlfield tag="008">060222s1000------------r-----000-0-eng-d</controlfield><datafield ind1=" " ind2=" " tag="245"><subfield code="a">Progress in the astronautical sciences</subfield></datafield><datafield ind1=" " ind2=" " tag="260"><subfield code="a">Amsterdam</subfield><subfield code="b">North-Holland Co</subfield><subfield code="c">1962</subfield></datafield><datafield ind1=" " ind2=" " tag="300"><subfield code="a">XI+416 p</subfield></datafield><datafield ind1=" " ind2=" " tag="700"><subfield code="a">Singer, S. F</subfield></datafield><datafield ind1=" " ind2=" " tag="852"><subfield code="a">17503</subfield></datafield><datafield ind1=" " ind2=" " tag="CAT"><subfield code="a">SYS</subfield><subfield code="c">20170118</subfield><subfield code="h">235933</subfield></datafield></record></collection>